<?xml version="1.0" encoding="UTF-8"?><collection xmlns="http://www.loc.gov/MARC21/slim"><record><leader>00544nam--2200169-i-4500</leader><controlfield tag="001">000025376</controlfield><controlfield tag="002">20161230</controlfield><controlfield tag="005">20161230201035</controlfield><controlfield tag="008">060222s1000------------r-----000-0-eng-d</controlfield><datafield ind1=" " ind2=" " tag="040"><subfield code="a">IFIN-HH</subfield></datafield><datafield ind1=" " ind2=" " tag="080"><subfield code="a">539.169</subfield></datafield><datafield ind1="1" ind2=" " tag="100"><subfield code="a">Buzzati-traverso, A.A</subfield></datafield><datafield ind1="1" ind2="0" tag="245"><subfield code="a">Immediate and low level effects of ionozing radiations</subfield><subfield code="b">Proccedings of the symposium held at venice on june 22nd-26th</subfield><subfield code="c">A.a. buzzati-traverso (ed.)</subfield></datafield><datafield ind1=" " ind2=" " tag="260"><subfield code="a">London</subfield><subfield code="b">Taylor &amp; Francis Ltd</subfield><subfield code="c">1960</subfield></datafield><datafield ind1=" " ind2=" " tag="300"><subfield code="a">IX+381P</subfield></datafield><datafield ind1=" " ind2=" " tag="852"><subfield code="a">11577</subfield><subfield code="c">539.12.04</subfield></datafield><datafield ind1=" " ind2=" " tag="CAT"><subfield code="a">Sys</subfield><subfield code="c">20120202</subfield><subfield code="h">154136</subfield></datafield></record></collection>